<record xmlns='http://www.loc.gov/MARC21/slim'><leader>01697cam a2200361 i 4500</leader><controlfield tag='001'>9979105993506421</controlfield><controlfield tag='005'>20201001165517.0</controlfield><controlfield tag='008'>131016s2013    vc a     b    100 0 mul c</controlfield><datafield ind1=' ' ind2=' ' tag='020'><subfield code='a'>9788885991583 (pbk.)</subfield></datafield><datafield ind1=' ' ind2=' ' tag='020'><subfield code='a'>8885991580 (pbk.)</subfield></datafield><datafield ind1=' ' ind2=' ' tag='035'><subfield code='a'>7910599</subfield></datafield><datafield ind1=' ' ind2=' ' tag='035'><subfield code='a'>(OCoLC)ocn864003946</subfield></datafield><datafield ind1=' ' ind2=' ' tag='035'><subfield code='a'>(NjP)7910599-princetondb</subfield></datafield><datafield ind1=' ' ind2=' ' tag='040'><subfield code='a'>NjP</subfield><subfield code='b'>eng</subfield><subfield code='e'>rda</subfield><subfield code='c'>NjP</subfield></datafield><datafield ind1='0' ind2=' ' tag='041'><subfield code='a'>ita</subfield><subfield code='a'>spa</subfield><subfield code='a'>eng</subfield><subfield code='a'>fre</subfield><subfield code='a'>ger</subfield></datafield><datafield ind1=' ' ind2=' ' tag='042'><subfield code='a'>pcc</subfield></datafield><datafield ind1=' ' ind2='4' tag='050'><subfield code='a'>BR131</subfield><subfield code='b'>.C66 2008</subfield></datafield><datafield ind1='2' ind2=' ' tag='111'><subfield code='a'>Congresso internazionale di archeologia cristiana</subfield><subfield code='n'>(15th :</subfield><subfield code='d'>2008 :</subfield><subfield code='c'>Toledo, Spain)</subfield><subfield code='0'>http://id.loc.gov/authorities/names/no2013140784</subfield></datafield><datafield ind1='1' ind2='0' tag='245'><subfield code='a'>Acta XV Congressus internationalis archaeologiae christianae, Toleti (8-12.9.2008) :</subfield><subfield code='b'>episcopus, civitas, territorium /</subfield><subfield code='c'>editionem curaverunt Olof Brandt, Silvia Cresci, Jorge López Quiroga, Carmelo Pappalardo.</subfield></datafield><datafield ind1='3' ind2=' ' tag='246'><subfield code='a'>Episcopus, civitas, territorium</subfield></datafield><datafield ind1=' ' ind2='1' tag='264'><subfield code='a'>Città del Vaticano :</subfield><subfield code='b'>Pontificio Istituto di Archeologia cristiana,</subfield><subfield code='c'>2013.</subfield></datafield><datafield ind1=' ' ind2=' ' tag='300'><subfield code='a'>2 volumes (lvii, 1790 pages) :</subfield><subfield code='b'>illustrations ;</subfield><subfield code='c'>25 cm.</subfield></datafield><datafield ind1=' ' ind2=' ' tag='336'><subfield code='a'>text</subfield><subfield code='2'>rdacontent</subfield></datafield><datafield ind1=' ' ind2=' ' tag='337'><subfield code='a'>unmediated</subfield><subfield code='2'>rdamedia</subfield></datafield><datafield ind1=' ' ind2=' ' tag='338'><subfield code='a'>volume</subfield><subfield code='2'>rdacarrier</subfield></datafield><datafield ind1='1' ind2=' ' tag='490'><subfield code='a'>Studi di antichità cristiana,</subfield><subfield code='x'>1012-5779 ;</subfield><subfield code='v'>LXV</subfield></datafield><datafield ind1=' ' ind2=' ' tag='504'><subfield code='a'>Includes bibliographical references.</subfield></datafield><datafield ind1=' ' ind2=' ' tag='546'><subfield code='a'>Contributions in Italian, Spanish, English, French or German.</subfield></datafield><datafield ind1=' ' ind2='0' tag='650'><subfield code='a'>Christian antiquities</subfield><subfield code='v'>Congresses</subfield></datafield><datafield ind1=' ' ind2='0' tag='650'><subfield code='a'>Church history</subfield><subfield code='y'>Primitive and early church, ca. 30-600</subfield><subfield code='v'>Congresses.</subfield><subfield code='0'>http://id.loc.gov/authorities/subjects/sh2008100733</subfield></datafield><datafield ind1='1' ind2=' ' tag='700'><subfield code='a'>Brandt, Olof,</subfield><subfield code='e'>editor.</subfield><subfield code='0'>http://id.loc.gov/authorities/names/no2002035504</subfield></datafield><datafield ind1=' ' ind2='0' tag='830'><subfield code='a'>Studi di antichità cristiana ;</subfield><subfield code='v'>65.</subfield></datafield><datafield ind1=' ' ind2=' ' tag='904'><subfield code='a'>dls</subfield><subfield code='b'>m</subfield><subfield code='h'>m</subfield><subfield code='c'>t</subfield><subfield code='e'>20131112</subfield></datafield><datafield ind1=' ' ind2=' ' tag='902'><subfield code='a'>jrl</subfield><subfield code='b'>o</subfield><subfield code='6'>a</subfield><subfield code='7'>m</subfield><subfield code='d'>v</subfield><subfield code='f'>2</subfield><subfield code='g'>p</subfield><subfield code='e'>20131121</subfield></datafield><datafield ind1=' ' ind2=' ' tag='INT'><subfield code='a'>P</subfield></datafield><datafield ind1=' ' ind2=' ' tag='INST'><subfield code='a'>01PRI_INST</subfield></datafield><datafield ind1=' ' ind2=' ' tag='AVA'><subfield code='0'>9979105993506421</subfield><subfield code='8'>2244739110006421</subfield><subfield code='a'>01PRI_INST</subfield><subfield code='b'>recap</subfield><subfield code='c'>Remote Storage: Marquand Library use only</subfield><subfield code='d'>BR131 .C66 2008</subfield><subfield code='e'>available</subfield><subfield code='f'>2</subfield><subfield code='g'>0</subfield><subfield code='j'>pj</subfield><subfield code='k'>0</subfield><subfield code='p'>1</subfield><subfield code='q'>ReCAP</subfield><subfield code='t'>Pars 1-pars 2</subfield><subfield code='t'></subfield></datafield></record>